%%% ====================================================================
%%%  BibTeX-file{
%%%     filename        = "sampleposter.bib",
%%%     version         = "1.0",
%%%     date            = "2006/04/25",
%%%     author          = "C.M. Connelly",
%%%     address         = "Department of Mathematics,
%%%                        Harvey Mudd College,
%%%                        1250 North Dartmouth Avenue,
%%%                        Claremont, CA  91711,
%%%                        USA",
%%%     telephone       = "909-621-8754",
%%%     FAX             = "909-621-8366",
%%%     email           = "cmc at math.hmc.edu (Internet)",
%%%     copyright       = "Public Domain.",
%%%     supported       = "no",
%%%     keywords        = "bibtex, bibliography, amslatex, ams-latex",
%%%     abstract        = "A file of BibTeX entries for use with the
%%%                        HMC sample poster.",
%%%  }
%%% ====================================================================


@book{boekaerts,
	title = {Handbook of {Self}-{Regulation}},
	isbn = {978-0-08-053320-9},
	abstract = {The Handbook of Self-Regulation represents state-of-the-art coverage of the latest theory, research, and developments in applications of self-regulation research. Chapters are of interest to psychologists interested in the development and operation of self-regulation as well as applications to health, organizational, clinical, and educational psychology. This book pulls together theory, research, and applications in the self-regulation domain and provides broad coverage of conceptual, methodological, and treatment issues. In view of the burgeoning interest and massive research on various aspects of self-regulation, the time seems ripe for this Handbook, aimed at reflecting the current state of the field. The goal is to provide researchers, students, and clinicians in the field with substantial state-of-the-art overviews, reviews, and reflections on the conceptual and methodological issues and complexities particular to self-regulation research.Coverage of state-of-the-art in self-regulation research from different perspectivesApplication of self-regulation research to health, clinical, organizational, and educational psychologyBrings together in one volume research on self-regulation in different subdisciplinesMost comprehensive and penetrating compendium of information on self-regulation from multi-disciplinary perspectives},
	publisher = {Elsevier},
	author = {Boekaerts, Monique and Zeidner, Moshe and Pintrich, Paul R.},
	month = "November",
	year = {1999},
	note = {Google-Books-ID: rv3DZSim6z4C},
	keywords = {Psychology / Clinical Psychology, Psychology / Cognitive Psychology \& Cognition, Psychology / Personality, Psychology / Social Psychology}
}
